<record><leader>00000cas a22000007a 4500</leader><controlfield tag="001">1568219</controlfield><controlfield tag="007">hd afv---baca</controlfield><controlfield tag="008">750824d18261827nyuwr n a     0   a0eng d</controlfield><datafield ind1=" " ind2=" " tag="010"><subfield code="a">sn 77021716 </subfield></datafield><datafield ind1=" " ind2=" " tag="040"><subfield code="a">MUL</subfield><subfield code="b">eng</subfield><subfield code="c">MUL</subfield><subfield code="d">OCL</subfield><subfield code="d">PES</subfield><subfield code="d">NYS</subfield><subfield code="d">OCL</subfield><subfield code="d">NYS</subfield><subfield code="d">OCLCQ</subfield><subfield code="d">MBB</subfield><subfield code="d">NCECU</subfield><subfield code="d">DLC</subfield><subfield code="d">ORU</subfield><subfield code="d">OCLCF</subfield><subfield code="d">OCLCQ</subfield></datafield><datafield ind1=" " ind2=" " tag="042"><subfield code="a">msc</subfield></datafield><datafield ind1=" " ind2=" " tag="043"><subfield code="a">n-us-ny</subfield></datafield><datafield ind1="1" ind2="4" tag="050"><subfield code="a">Z6951</subfield><subfield code="b">.A493 Ser. 2 reel</subfield></datafield><datafield ind1="0" ind2="4" tag="082"><subfield code="a">051</subfield><subfield code="b">A51p2</subfield></datafield><datafield ind1="0" ind2="4" tag="245"><subfield code="a">The Escritoir :</subfield><subfield code="b">or Masonic and miscellaneous album.</subfield></datafield><datafield ind1="3" ind2="0" tag="246"><subfield code="a">Masonic and miscellaneous album</subfield></datafield><datafield ind1=" " ind2=" " tag="260"><subfield code="a">Albany, N.Y. :</subfield><subfield code="b">[E.B. Child],</subfield><subfield code="c">1826-1827.</subfield></datafield><datafield ind1=" " ind2=" " tag="300"><subfield code="a">1 volume</subfield></datafield><datafield ind1=" " ind2=" " tag="310"><subfield code="a">Weekly</subfield></datafield><datafield ind1=" " ind2=" " tag="336"><subfield code="a">text</subfield><subfield code="b">txt</subfield><subfield code="2">rdacontent</subfield></datafield><datafield ind1=" " ind2=" " tag="337"><subfield code="a">microform</subfield><subfield code="b">h</subfield><subfield code="2">rdamedia</subfield></datafield><datafield ind1=" " ind2=" " tag="338"><subfield code="a">microfilm reel</subfield><subfield code="b">hd</subfield><subfield code="2">rdacarrier</subfield></datafield><datafield ind1="0" ind2=" " tag="362"><subfield code="a">Vol. 1, no. 1 (Jan. 28, 1826)-v.1, no. 52 (Jan. 20, 1827).</subfield></datafield><datafield ind1=" " ind2=" " tag="500"><subfield code="a">"Semita Certe Tranquille Per Virtutem Patet Unica Vita-Juv. Sat."</subfield></datafield><datafield ind1=" " ind2=" " tag="500"><subfield code="a">Concerned mainly with the masonic order in New York, it listed meeting dates and members and gave coverage to elections and activities of the various chapters. It also contained poetry and short stories. Cf. American periodicals, 1741-1900.</subfield></datafield><datafield ind1=" " ind2=" " tag="500"><subfield code="a">Title from caption.</subfield></datafield><datafield ind1=" " ind2=" " tag="533"><subfield code="a">Microfilm.</subfield><subfield code="b">Ann Arbor, Mich. :</subfield><subfield code="c">University Microfilms,</subfield><subfield code="d">[n.d.].</subfield><subfield code="e">1 microfilm reel ; 35 mm.</subfield><subfield code="f">(American periodical series: 1800-1850 ; 792).</subfield></datafield><datafield ind1=" " ind2="0" tag="650"><subfield code="a">Freemasonry</subfield><subfield code="v">Newspapers.</subfield></datafield><datafield ind1="2" ind2="0" tag="610"><subfield code="a">Freemasons</subfield><subfield code="v">Newspapers.</subfield></datafield><datafield ind1=" " ind2="0" tag="651"><subfield code="a">Albany (N.Y.)</subfield><subfield code="v">Newspapers.</subfield></datafield><datafield ind1=" " ind2="0" tag="651"><subfield code="a">Albany County (N.Y.)</subfield><subfield code="v">Newspapers.</subfield></datafield><datafield ind1="2" ind2="7" tag="610"><subfield code="a">Freemasons.</subfield><subfield code="2">fast</subfield><subfield code="0">(OCoLC)fst00533636</subfield></datafield><datafield ind1=" " ind2="7" tag="650"><subfield code="a">Freemasonry.</subfield><subfield code="2">fast</subfield><subfield code="0">(OCoLC)fst00934082</subfield></datafield><datafield ind1=" " ind2="7" tag="651"><subfield code="a">New York (State)</subfield><subfield code="z">Albany.</subfield><subfield code="2">fast</subfield><subfield code="0">(OCoLC)fst01225716</subfield></datafield><datafield ind1=" " ind2="7" tag="651"><subfield code="a">New York (State)</subfield><subfield code="z">Albany County.</subfield><subfield code="2">fast</subfield><subfield code="0">(OCoLC)fst01210357</subfield></datafield><datafield ind1=" " ind2="7" tag="655"><subfield code="a">Newspapers.</subfield><subfield code="2">fast</subfield><subfield code="0">(OCoLC)fst01423814</subfield></datafield><datafield ind1=" " ind2=" " tag="752"><subfield code="a">United States</subfield><subfield code="b">New York</subfield><subfield code="c">Albany</subfield><subfield code="d">Albany.</subfield></datafield><datafield ind1="1" ind2=" " tag="776"><subfield code="t">Escritoir</subfield><subfield code="x">2160-1607</subfield><subfield code="w">(DLC)   18005565</subfield><subfield code="w">(OCoLC)11283643</subfield></datafield><datafield ind1="0" ind2="0" tag="785"><subfield code="t">American Masonic record and Albany Saturday magazine</subfield><subfield code="w">(OCoLC)8340362</subfield></datafield><datafield ind1=" " ind2="0" tag="830"><subfield code="a">American periodical series, 1800-1850 ;</subfield><subfield code="v">792.</subfield></datafield></record>